<?xml version="1.0" encoding="UTF-8"?><collection xmlns="http://www.loc.gov/MARC21/slim"><record><leader>00388nam--2200145-i-4500</leader><controlfield tag="001">000013763</controlfield><controlfield tag="002">20161230</controlfield><controlfield tag="005">20170222170829</controlfield><controlfield tag="008">060222s1000------------r-----000-0-eng-d</controlfield><datafield ind1=" " ind2=" " tag="100"><subfield code="a">De Ballore, De Montessus</subfield></datafield><datafield ind1=" " ind2=" " tag="245"><subfield code="a">Efectos del terremoto del 18 de abril de 1906</subfield></datafield><datafield ind1=" " ind2=" " tag="260"><subfield code="a">Bandera</subfield><subfield code="b">Imorenta Cervantes</subfield><subfield code="c">1907</subfield></datafield><datafield ind1=" " ind2=" " tag="300"><subfield code="a">34 p</subfield></datafield><datafield ind1=" " ind2=" " tag="852"><subfield code="a">550.34(73)</subfield></datafield><datafield ind1=" " ind2=" " tag="CAT"><subfield code="a">SYS</subfield><subfield code="c">20170222</subfield><subfield code="h">170829</subfield></datafield></record></collection>